
%%%% LISTADO DE BIBLIOGRAFÍA (libros, artículos, tesis)

@book{brady_rethinking_2010,
	title = {Rethinking social inquiry: {Diverse} tools, shared standards},
	shorttitle = {Rethinking social inquiry},
	publisher = {Rowman \& Littlefield Publishers},
	author = {Brady, Henry E. and Collier, David},
	year = {2010}
}

@book{king_designing_1994,
	title = {Designing social inquiry: {Scientific} inference in qualitative research},
	shorttitle = {Designing social inquiry},
	publisher = {Princeton university press},
	author = {King, Gary and Keohane, Robert O. and Verba, Sidney},
	year = {1994}
}



@mastersthesis{ruiz_nicolini_impacto_2017,
	title = {El impacto de enchufar los votos. {Evaluación} del voto cruzado entre categorías en las elecciones de la provincia de {Salta}.},
	author = {Ruiz Nicolini, Juan Pablo},
	school= {Universidad Torcuato Di Tella}, 
	year = {2017},
	note = {DOI: 10.13140/RG.2.2.24737.20326},
	url = {https://www.researchgate.net/publication/317236729}
}



@misc{ruiz_nicolini_juan_pablo_fuego_nodate,
	title = {Fuego amigo en torno a la {BUE}},
	url = {http://elestadista.com.ar/?p=12699},
	journal = {El Estadista},
	year = {2017},
	author = {Ruiz Nicolini, Juan Pablo},
	file = {Snapshot:/Users/tuq/Zotero/storage/JPMBHWHS/elestadista.com.ar.html:text/html}
}


@inbook{dunning_design-based_2010,
	title = {Design-based inference: {Beyond} the pitfalls of regression analysis?},
	booktitle = {Rethinking social inquiry: Diverse tools, shared standards},
	author = {Dunning, Thad},
	year = {2010},
	pages = {273--311},
	publisher = {Rowman \& Littlefield Publishers},
	file = {Full Text:/Users/tuq/Zotero/storage/E92ZD5XR/Dunning - 2010 - Design-based inference Beyond the pitfalls of reg.pdf:application/pdf}
}

@article{calvo_ballot_2009,
	title = {Ballot design and split ticket voting in multiparty systems: {Experimental} evidence on information effects and vote choice},
	volume = {28},
	issn = {0261-3794},
	shorttitle = {Ballot design and split ticket voting in multiparty systems},
	url = {http://www.sciencedirect.com/science/article/pii/S026137940800108X},
	doi = {10.1016/j.electstud.2008.08.004},
	number = {2},
	journal = {Electoral Studies},
	author = {Calvo, Ernesto and Escolar, Marcelo and Pomares, Julia},
	month = jun,
	year = {2009},
	keywords = {Bayesian models, E-vote, Experiments, Information effects},
	pages = {218--231},
	
}
